@article{INLAMSM,
  author    = {Palmí-Perales, Francisco and Gómez-Rubio, Virgilio and Martinez-Beneito, Miguel A.},
  title     = {Bayesian Multivariate Spatial Models for Lattice Data with INLA},
  year      = {2021},
  journal   = {Journal of Statistical Software},
  volume    = {98},
  number    = {2},
  pages     = {1--29},
  doi       = {10.18637/jss.v098.i02}
}


@article{BYM2,
  title={An intuitive Bayesian spatial model for disease mapping that accounts for scaling},
  author={Riebler, Andrea and S{\o}rbye, Sigrunn H and Simpson, Daniel and Rue, H{\aa}vard},
  journal={Statistical methods in medical research},
  volume={25},
  number={4},
  pages={1145--1165},
  year={2016},
  publisher={Sage Publications Sage UK: London, England}
}