
@article{PogitZIP,
  title={A zero-inflated Poisson spatial model with misreporting for wildfire occurrences in southern Italian municipalities},
  author={Arima, Serena and Calculli, Crescenza and Pollice, Alessio},
  journal={Environmetrics},
  volume={36},
  number={1},
  pages={e2853},
  year={2025},
  publisher={Wiley Online Library}
}

@article{BYM,
  title={Bayesian image restoration, with two applications in spatial statistics},
  author={Besag, Julian and York, Jeremy and Molli{\'e}, Annie},
  journal={Annals of the institute of statistical mathematics},
  volume={43},
  number={1},
  pages={1--20},
  year={1991},
  publisher={Springer}
}

@article{Mmodels,
  title={A unifying modeling framework for highly multivariate disease mapping},
  author={Botella-Rocamora, Paloma and Martinez-Beneito, Miguel A and Banerjee, Sudipto},
  journal={Statistics in Medicine},
  volume={34},
  number={9},
  pages={1548--1559},
  year={2015},
  publisher={Wiley Online Library}
}

@article{PCAR,
    author = {Gelfand, A. E. and Vounatsou, P.},
    title = {Proper multivariate conditional autoregressive models for spatial data analysis},
    journal = {Biostatistics},
    volume = {4},
    number = {1},
    pages = {11-15},
    year = {2003},
    doi = {https://doi.org/10.1093/biostatistics/4.1.11}
}


@article{GelmanWAIC,
  title     = {Understanding predictive information criteria for Bayesian
               models},
  author    = {Gelman, Andrew and Hwang, Jessica and Vehtari, Aki},
  publisher = {Springer Science and Business Media LLC},
  volume    = {24},
  number    = {6},
  year      = {2014},
  journal   = {Statistics and Computing},
  pages     = {997--1016},
  doi       = {10.1007/S11222-013-9416-2},
}

@article{Kabe,
  title={A note on the Bartlett decomposition of a Wishart matrix},
  author={Kabe, Dattatraya G},
  journal={Journal of the Royal Statistical Society Series B: Statistical Methodology},
  volume={26},
  number={2},
  pages={270--273},
  year={1964},
  publisher={Oxford University Press},
  doi={https://doi.org/10.1111/j.2517-6161.1964.tb00558.x}
}

@InProceedings{Leroux,
  author    = {Leroux, Brian G. and Lei, Xingye and Breslow, Norman},
  editor    = {Halloran, M. Elizabeth and Berry, Donald},
  title     = {Estimation of Disease Rates in Small Areas: A new Mixed Model for Spatial Dependence},
  booktitle = {Statistical Models in Epidemiology, the Environment, and Clinical Trials},
  year      = {2000},
  publisher = {Springer New York},
  address   = {New York, NY},
  pages     = {179--191},
  isbn      = {978-1-4612-1284-3},
  doi       = {https://doi.org/10.1007/978-1-4612-1284-3_4}
}

@article{lindgren2024inlabru,
  title     = {inlabru: software for fitting latent Gaussian models with non-linear predictors},
  author    = {Lindgren, Finn and Bachl, Fabian and Illian, Janine and Suen, Man Ho and Rue, H{\aa}vard and Seaton, Andrew E},
  journal   = {arXiv preprint arXiv:2407.00791},
  year      = {2024},
  doi       = {https://doi.org/10.48550/arXiv.2407.00791}
}

@article{INLAMSM,
  author    = {Palmí-Perales, Francisco and Gómez-Rubio, Virgilio and Martinez-Beneito, Miguel A.},
  title     = {Bayesian Multivariate Spatial Models for Lattice Data with INLA},
  year      = {2021},
  journal   = {Journal of Statistical Software},
  volume    = {98},
  number    = {2},
  pages     = {1--29},
  doi       = {10.18637/jss.v098.i02}
}

@article{Polettini,
  title={An investigation of models for under-reporting in the analysis of violence against women in Italy},
  author={Polettini, Silvia and Arima, Serena and Martino, Sara},
  journal={Social Indicators Research},
  volume={175},
  number={3},
  pages={1007--1026},
  year={2024},
  publisher={Springer}
}

@article{BYM2,
  title={An intuitive Bayesian spatial model for disease mapping that accounts for scaling},
  author={Riebler, Andrea and S{\o}rbye, Sigrunn H and Simpson, Daniel and Rue, H{\aa}vard},
  journal={Statistical methods in medical research},
  volume={25},
  number={4},
  pages={1145--1165},
  year={2016},
  publisher={Sage Publications Sage UK: London, England}
}

@article{INLA,
  author    = {Rue, Haavard and Martino, Sara and Chopin, Nicholas},
  title     = {Approximate Bayesian inference for latent Gaussian models by using integrated nested Laplace approximations},
  year      = {2009},
  journal   = {Journal of the Royal Statistical Society Series B: (Methodological)},
  volume    = {71},
  number    = {2},
  pages     = {319--392},
  doi       = {10.1111/j.1467-9868.2008.00700.x}
}

@article{PC,
  author    = {Simpson, Daniel and Rue, Haavard and Riebler, Andrea and Martins, Thiago G. and Sørbye, Sigrunn H.},
  title     = {Penalising Model Component Complexity: A Principled, Practical Approach to Constructing Priors},
  year      = {2017},
  volume    = {32},
  journal   = {Statistical Science},
  number    = {1},
  publisher = {Institute of Mathematical Statistics},
  pages     = {1 -- 28},
  doi       = {10.1214/16-STS576}
}

@article{Pogit,
  title={A hierarchical framework for correcting under-reporting in count data},
  author={Stoner, Oliver and Economou, Theo and da Silva, Gabriela Drummond Marques},
  journal={Journal of the American Statistical Association},
  year={2019},
  publisher={Taylor \& Francis}
}

@article{Urdangarin,
  author    = {Urdangarin, Arantxa and Goicoa, Tomas and Kneib, T. and Ugarte, M. D.},
  title     = {A simplified spatial+ approach to mitigate spatial confounding in multivariate spatial areal models},
  year      = {2024},
  journal   = {Spatial Statistics},
  volume    = {59},
  pages     = {100804},
  doi       = {10.1016/j.spasta.2023.100804}
}


@article{INLAVB,
  author    = {Van Niekerk, Janet and Krainski, Elias and Rustand, Denis and Rue, Haavard},
  title     = {A new avenue for Bayesian inference with INLA},
  year      = {2023},
  journal   = {Computational Statistics and Data Analysis},
  volume    = {181},
  doi       = {10.1016/j.csda.2023.107692}
}

@article{vicente2023high,
  title={High-dimensional order-free multivariate spatial disease mapping},
  author={Vicente, Gonzalo and Adin, Aritz and Goicoa, Tom{\'a}s and Ugarte, Mar{\'i}a Dolores},
  journal={Statistics and Computing},
  volume={33},
  number={5},
  pages={104},
  year={2023},
  publisher={Springer}
}

@misc{Wollo,
  author    = {W{\o}llo, Sara E.},
  title     = {Correcting for under-reporting of violence against women in Italy using INLA},
  year      = {2022},
  publisher = {NTNU Open },
  url       = {https://hdl.handle.net/11250/3026838}
}